<record><leader>00000cas a2200000 i 4500</leader><controlfield tag="001">861289251</controlfield><controlfield tag="006">m     o  d        </controlfield><controlfield tag="007">cr |||||||||||</controlfield><controlfield tag="008">131023d18831898txuwr neo     0   a0eng  </controlfield><datafield ind1=" " ind2=" " tag="010"><subfield code="a">  2013272050</subfield></datafield><datafield ind1=" " ind2=" " tag="040"><subfield code="a">DLC</subfield><subfield code="b">eng</subfield><subfield code="e">rda</subfield><subfield code="c">DLC</subfield><subfield code="d">DLC</subfield><subfield code="d">OCLCF</subfield></datafield><datafield ind1="0" ind2=" " tag="022"><subfield code="a">2331-6527</subfield><subfield code="2">1</subfield></datafield><datafield ind1="1" ind2=" " tag="029"><subfield code="a">NZ1</subfield><subfield code="b">15123753</subfield></datafield><datafield ind1=" " ind2=" " tag="042"><subfield code="a">pcc</subfield><subfield code="a">nsdp</subfield></datafield><datafield ind1=" " ind2=" " tag="043"><subfield code="a">n-us-tx</subfield></datafield><datafield ind1="1" ind2="0" tag="050"><subfield code="a">ISSN RECORD</subfield></datafield><datafield ind1="0" ind2="0" tag="082"><subfield code="a">071</subfield><subfield code="2">23</subfield></datafield><datafield ind1="0" ind2=" " tag="130"><subfield code="a">Austin weekly statesman (Online)</subfield></datafield><datafield ind1=" " ind2="4" tag="222"><subfield code="a">The Austin weekly statesman</subfield><subfield code="b">(Online)</subfield></datafield><datafield ind1="1" ind2="4" tag="245"><subfield code="a">The Austin weekly statesman.</subfield></datafield><datafield ind1=" " ind2="1" tag="264"><subfield code="a">Austin, Texas :</subfield><subfield code="b">Statesman Publishing Co.,</subfield><subfield code="c">1883-</subfield></datafield><datafield ind1=" " ind2=" " tag="310"><subfield code="a">Weekly</subfield></datafield><datafield ind1=" " ind2=" " tag="336"><subfield code="a">text</subfield><subfield code="b">txt</subfield><subfield code="2">rdacontent</subfield></datafield><datafield ind1=" " ind2=" " tag="337"><subfield code="a">computer</subfield><subfield code="b">c</subfield><subfield code="2">rdamedia</subfield></datafield><datafield ind1=" " ind2=" " tag="338"><subfield code="a">online resource</subfield><subfield code="b">cr</subfield><subfield code="2">rdacarrier</subfield></datafield><datafield ind1="1" ind2=" " tag="362"><subfield code="a">Began with vol. XII, no. 43 (July 5, 1883).</subfield></datafield><datafield ind1="1" ind2=" " tag="362"><subfield code="a">Ceased 1898?</subfield></datafield><datafield ind1=" " ind2=" " tag="580"><subfield code="a">Daily edition: Austin daily statesman (Austin, Tex. : 1880), 1883-1889; Austin statesman (Austin, Tex. : 1889), 1889-1891; Austin daily statesman (Austin, Tex. : 1891), 1891-1898.</subfield></datafield><datafield ind1=" " ind2=" " tag="588"><subfield code="a">Description based on: Vol. XII, no. 43 (July 5, 1883); title from masthead (Chroniclingamerica.loc.gov, viewed October 23, 2013).</subfield></datafield><datafield ind1=" " ind2=" " tag="588"><subfield code="a">Latest issue consulted: January 20, 1898 (Chroniclingamerica.loc.gov, viewed October 23, 2013).</subfield></datafield><datafield ind1=" " ind2="0" tag="651"><subfield code="a">Austin (Tex.)</subfield><subfield code="v">Newspapers.</subfield></datafield><datafield ind1=" " ind2="7" tag="655"><subfield code="a">Newspapers.</subfield><subfield code="2">fast</subfield><subfield code="0">(OCoLC)fst01423814</subfield></datafield><datafield ind1=" " ind2="7" tag="651"><subfield code="a">Texas</subfield><subfield code="z">Austin.</subfield><subfield code="2">fast</subfield><subfield code="0">(OCoLC)fst01204313</subfield></datafield><datafield ind1=" " ind2=" " tag="752"><subfield code="a">United States</subfield><subfield code="b">Texas</subfield><subfield code="c">Travis</subfield><subfield code="d">Austin.</subfield></datafield><datafield ind1="1" ind2=" " tag="775"><subfield code="t">Austin daily statesman (Austin, Tex. : 1880 : Online)</subfield></datafield><datafield ind1="1" ind2=" " tag="775"><subfield code="t">Austin statesman (Austin, Tex. : 1889 : Online)</subfield></datafield><datafield ind1="1" ind2=" " tag="775"><subfield code="t">Austin daily statesman (Austin, Tex. : 1891 : Online)</subfield></datafield><datafield ind1="0" ind2="8" tag="776"><subfield code="i">Originally issued in print:</subfield><subfield code="t">Austin weekly statesman</subfield><subfield code="x">2331-6519</subfield><subfield code="w">(DLC)sn 86088296</subfield><subfield code="w">(OCoLC)13958767</subfield></datafield><datafield ind1="0" ind2="0" tag="780"><subfield code="t">Weekly democratic statesman (Austin, Tex. : 1871 : Online)</subfield><subfield code="x">2331-3250</subfield><subfield code="w">(DLC)  2013218988</subfield><subfield code="w">(OCoLC)858922325</subfield></datafield><datafield ind1="0" ind2="0" tag="785"><subfield code="t">Austin weekly statesman and diversified farmer (Online)</subfield></datafield><datafield ind1="4" ind2="0" tag="856"><subfield code="u">http://chroniclingamerica.loc.gov/lccn/sn86088296/issues</subfield></datafield></record>